<record><leader>00000cas a22000007a 4500</leader><controlfield tag="001">17978939</controlfield><controlfield tag="008">880520d18921904nyuwr ne      0    0eng d</controlfield><datafield ind1=" " ind2=" " tag="010"><subfield code="a">sn 88074372 </subfield></datafield><datafield ind1=" " ind2=" " tag="040"><subfield code="a">NYS</subfield><subfield code="b">eng</subfield><subfield code="c">NYS</subfield><subfield code="d">OCLCQ</subfield></datafield><datafield ind1=" " ind2=" " tag="042"><subfield code="a">msc</subfield></datafield><datafield ind1="0" ind2="4" tag="245"><subfield code="a">The Stillwater journal.</subfield></datafield><datafield ind1=" " ind2=" " tag="260"><subfield code="a">Stillwater, N.Y. :</subfield><subfield code="b">Robert Harcourt</subfield></datafield><datafield ind1=" " ind2=" " tag="300"><subfield code="a">v.</subfield></datafield><datafield ind1=" " ind2=" " tag="310"><subfield code="a">Weekly</subfield></datafield><datafield ind1="0" ind2=" " tag="362"><subfield code="a">Vol. 1, no. 1 (June 23, 1892)-v. 12, no. 3[7] (Feb. 18, 1904).</subfield></datafield><datafield ind1=" " ind2=" " tag="500"><subfield code="a">Publishers: Robert Harcourt, 1892- ; Frank B. Tucker, &lt;1904&gt;.</subfield></datafield><datafield ind1=" " ind2="4" tag="651"><subfield code="a">Stillwater (N.Y.)</subfield><subfield code="v">Newspapers.</subfield></datafield><datafield ind1=" " ind2=" " tag="752"><subfield code="a">United States</subfield><subfield code="b">New York</subfield><subfield code="c">Saratoga</subfield><subfield code="d">Stillwater.</subfield></datafield><datafield ind1="0" ind2="0" tag="785"><subfield code="t">Hudson Valley times</subfield><subfield code="w">(DLC)sn 88074373</subfield></datafield><datafield ind1="1" ind2=" " tag="029"><subfield code="a">AU@</subfield><subfield code="b">000020508429</subfield></datafield></record>